@BOOK{Callaway,
  title = {Quantum theory of the solid state. Student edition},
  publisher = {Academic Press},
  year = {1976},
  author = {Callaway, J.},
  volume = {1},
  series = {Quantum Theory of the Solid State. Student Edition},
  isbn = {9780121552015}
}

@BOOK{socialDynamics,
  title = {Social Dynamics (Economic Learning and Social Evolution)},
  publisher = {Academic Press},
  year = {2001},
  author = {S.N. Durlauf, H. Peyton Young},
  volume = {1},
  series = {},
  isbn = {}
}

@ARTICLE{peerEffects,
  author = {B.V. Krauth},
  title = {Simulation-based estimation of peer effects},
  journal = {Journal of Econometrics},
  year = {2006},
  volume = {133},
  pages = {243-271},
  number = {0304-4076}
}

@ARTICLE{vugalter,
  author = {G.A. Vugalter, A.K. Das and V.A. Sorokin},
  title = {Revivals in an infinite square well in the presence of a $\delta$
	well},
  journal = {Phys. Rev. A},
  year = {2002},
  volume = {66},
  pages = {1-7},
  number = {012104}
}

@BOOK{griffiths,
  title = {Introduction to quantum mechanics},
  publisher = {Pearson Prentice Hall},
  year = {2005},
  author = {Griffiths, D.J.},
  chapter = {2},
  edition = {Second},
  isbn = {9780131118928},
  lccn = {30271100}
}

@ARTICLE{heitler,
  author = {Heitler, W. and London, F.},
  title = {Wechselwirkung neutraler Atome und homï¿½opolare Bindung nach der Quantenmechanik},
  journal = {ZP},
  year = {1927},
  volume = {44},
  pages = {455-472}
}

@BOOK{Marder,
  title = {Condensed matter physics},
  publisher = {John Wiley},
  year = {2000},
  author = {Marder, M.P.},
  chapter = {26},
  series = {Wiley-Interscience},
  isbn = {9780471177791},
  lccn = {99036153}
}



@ARTICLE{robinett,
  author = {R.W. Robinett},
  title = {Quantum wave packet revivals},
  journal = {Physics Reports},
  year = {2004},
  volume = {392},
  pages = {1-119}
}

@ARTICLE{beck,
  author = {S.Yu. Grebenshchikov, C. Beck, R. Schinke and S.C. Farantos},
  title = {Three-dimensional molecular wave packets: Calculation of revival
	times from periodic orbits},
  journal = {Physics Letters A},
  year = {1998},
  pages = {208-214},
  number = {243}
}

@ARTICLE{styer,
  author = {D.F. Styer},
  title = {Quantum revivals versus classical periodicity in the infinite square
	well},
  journal = {Am. J. Phys.},
  year = {2001},
  volume = {69},
  pages = {56},
  month = {January}
}

@ARTICLE{tc,
  author = {T.K. Timberlake and S. Camp},
  title = {Decay of wave packet revivals in the asymmetric infinite square well},
  journal = {Am. J. Phys.},
  year = {2011},
  volume = {79},
  pages = {607-614}
}


