
@BOOK{socialDynamics,
  title = {Social Dynamics (Economic Learning and Social Evolution)},
  publisher = {Academic Press},
  year = {2001},
  author = {S.N. Durlauf and H. Peyton Young},
  volume = {1},
  series = {},
  isbn = {}
}


@INBOOK{bifurcation,
	author = {A. Champneys, K. Tsaneva-Atanasova},
	editor = {W. Dubitzky, O. Wolkenhauer, K. Cho
and H. Yokota},
	title = {Dynamical Systems Theory, Bifurcation Analysis},
	bookTitle = {Encyclopedia of Systems Biology},
	year = {2013},
	publisher = {Springer New York},
	address = {New York, NY},
	pages = {632--637},
	isbn = {978-1-4419-9863-7},
	doi = {10.1007/978-1-4419-9863-7_270},
	url = {https://doi.org/10.1007/978-1-4419-9863-7_270}
}

@ARTICLE{peerEffects,
  author = {B.V. Krauth},
  title = {Simulation-based estimation of peer effects},
  journal = {Journal of Econometrics},
  year = {2006},
  volume = {133},
  pages = {243-271},
  number = {0304-4076}
}

@ARTICLE{claque_origin,
	author={B. Howarth}, 
	title={ORIGINS OF THE CLAQUE IN THE FRENCH THEATRE}, 				
	url={https://doi.org/10.1093/frebul/20.72.10}, 			journal={OUP Academic}, 
	publisher={Oxford University Press}, 
	year={1999}, 
	month={Oct}
}

@article {Arino453,
	author = {J. Arino, F. Brauer, et al.},
	title = {Simple models for containment of a pandemic},
	volume = {3},
	number = {8},
	pages = {453-457},
	year = {2006},
	doi = {10.1098/rsif.2006.0112},
	publisher = {The Royal Society},
	issn = {1742-5689},
	URL = {http://rsif.royalsocietypublishing.org/content/3/8/453},
	eprint = {http://rsif.royalsocietypublishing.org/content/3/8/453.full.pdf},
	journal = {Journal of The Royal Society Interface}
	}
	
@article {Mann20130466,
	author = {Mann, Richard P. and Faria, Jolyon and Sumpter, David J. T. and Krause, Jens},
	title = {The dynamics of audience applause},
	volume = {10},
	number = {85},
	year = {2013},
	doi = {10.1098/rsif.2013.0466},
	publisher = {The Royal Society},
	issn = {1742-5689},
	URL = {http://rsif.royalsocietypublishing.org/content/10/85/20130466},
	eprint = {http://rsif.royalsocietypublishing.org/content/10/85/20130466.full.pdf},
	journal = {Journal of The Royal Society Interface}
}

@book{networkNewman,
  Author = {Mark Newman},
  Title = {Networks: An Introduction},
  Publisher = {Oxford University Press},
  Year = {2010},
  ISBN = {0199206651},
  URL = {https://www.amazon.com/Networks-Introduction-Mark-Newman/dp/0199206651?SubscriptionId=0JYN1NVW651KCA56C102&tag=techkie-20&linkCode=xm2&camp=2025&creative=165953&creativeASIN=0199206651}
}

@book{networkEvo,
  Author = {S. N. Dorogovtsev and J.F.F. Mendes},
  Title = {Evolution of Networks: From Biological Nets to the Internet and WWW (Physics)},
  Publisher = {Oxford University Press},
  Year = {2003},
  ISBN = {0198515901},
  URL = {https://www.amazon.com/Evolution-Networks-Biological-Internet-Physics/dp/0198515901?SubscriptionId=0JYN1NVW651KCA56C102&tag=techkie-20&linkCode=xm2&camp=2025&creative=165953&creativeASIN=0198515901}
}

@book{complexSys,
  Editor = {Deisboeck, T. S. and
Yasha Kresh, J.},
  Title = {Complex Systems Science in Biomedicine (Topics in Biomedical Engineering. International Book Series)},
  Publisher = {Springer},
  Year = {2006},
  ISBN = {0387302417},
  URL = {https://www.amazon.com/Complex-Biomedicine-Biomedical-Engineering-International/dp/0387302417?SubscriptionId=0JYN1NVW651KCA56C102&tag=techkie-20&linkCode=xm2&camp=2025&creative=165953&creativeASIN=0387302417}
}

@article{statCS,
  title = {Statistical mechanics of complex networks},
  author = {Albert, R\'eka and Barab\'asi, Albert-L\'aszl\'o},
  journal = {Rev. Mod. Phys.},
  volume = {74},
  issue = {1},
  pages = {47--97},
  numpages = {0},
  year = {2002},
  month = {Jan},
  publisher = {American Physical Society},
  doi = {10.1103/RevModPhys.74.47},
  url = {https://link.aps.org/doi/10.1103/RevModPhys.74.47}
}

@book{hownatureworks,
  Author = {Per Bak},
  Title = {How Nature Works: the science of self-organized criticality},
  Publisher = {Copernicus},
  Year = {1999},
  ISBN = {038798738X},
  URL = {https://www.amazon.com/How-Nature-Works-self-organized-criticality/dp/038798738X?SubscriptionId=0JYN1NVW651KCA56C102&tag=techkie-20&linkCode=xm2&camp=2025&creative=165953&creativeASIN=038798738X}
}

@article{CA,
  title = {Statistical mechanics of cellular automata},
  author = {Wolfram, Stephen},
  journal = {Rev. Mod. Phys.},
  volume = {55},
  issue = {3},
  pages = {601--644},
  numpages = {0},
  year = {1983},
  month = {Jul},
  publisher = {American Physical Society},
  doi = {10.1103/RevModPhys.55.601},
  url = {https://link.aps.org/doi/10.1103/RevModPhys.55.601}
}

@inproceedings{Moore,
  title={A Mathematician Looks at Wolfram's New Kind of Science, Volume 50, Number 2},
  author={Lawrence J. Gray},
  year={2002}
}

@article{soundofhands, title={The sound of many hands clapping}, volume={403}, DOI={10.1038/35002660}, number={6772}, journal={Nature}, author={Néda, Z. and Ravasz, E. and Brechet, Y. and Vicsek, T. and Barabási, A.-L.}, year={2000}, pages={849–850}}

@article{rhythm, title={The sound of many hands clapping}, volume={403}, DOI={10.1038/35002660}, number={6772}, journal={Nature}, author={Néda, Z. and Ravasz, E. and Brechet, Y. and Vicsek, T. and Barabási, A.-L.}, year={2000}, pages={849–850}}

@article{michaelisconstant, title={The Original Michaelis Constant: Translation of the 1913 Michaelis–Menten Paper}, volume={50}, DOI={10.1021/bi201284u}, number={39}, journal={Biochemistry}, author={Johnson, Kenneth A. and Goody, Roger S.}, year={2011}, month={Apr}, pages={8264–8269}}

